@article {ad16,
author ={{Alzheimer's Association}},
title = {2016 Alzheimer's disease facts and figures},
year = {2016},
journal={Alzheimer'S \& Dementia : The Journal Of The Alzheimer'S Association},
volume={12},
number={4},
pages={459--509},
pmid={27570871},
keywords={}
}

@article {hebert13,
author ={Hebert, Liesi E and Weuve, Jennifer and Scherr, Paul A and Evans, Denis A},
title = {Alzheimer disease in the United States (2010-2050) estimated using the 2010 census},
year = {2013},
journal={Neurology},
volume={80},
number={19},
pages={1778--83},
pmid={23390181},
doi={10.1212/WNL.0b013e31828726f5},
keywords={}
}
@article {zaleta12,
author ={Zaleta, Alexandra K and Carpenter, Brian D and Porensky, Emily K and Xiong, Chengjie and Morris, John C},
title = {Agreement on diagnosis among patients, companions, and professionals after a dementia evaluation},
year = {2012},
journal={Alzheimer Disease And Associated Disorders},
volume={26},
number={3},
pages={232--7},
pmid={22037598},
doi={10.1097/WAD.0b013e3182351c04},
keywords={}
}
@article {barrett06,
author ={Barrett, Anna M and Orange, West and Keller, Margaret and Damgaard, Paula and Swerdlow, Russell H},
title = {Short-term effect of dementia disclosure: how patients and families describe the diagnosis},
year = {2006},
journal={Journal Of The American Geriatrics Society},
volume={54},
number={12},
pages={1968--70},
pmid={17198527},
doi={10.1111/j.1532-5415.2006.00992.x},
keywords={}
}

@misc {who13,
    author = {{World Health Organization}},
    title = {Priority medicines for Europe and the world update report},
    year = {2013},
    url = {http://www.who.int/entity/medicines/areas/priority_medicines/MasterDocJune28_FINAL_Web.pdf},
    note = {[Online; accessed 12-February-2017]}
}
