
@article {herring16,
author ={Herring, Bruce E and Nicoll, Roger A},
title = {Long-Term Potentiation: From CaMKII to AMPA Receptor Trafficking},
year = {2016},
journal={Annual Review Of Physiology},
volume={78},
pages={351--65},
pmid={26863325},
doi={10.1146/annurev-physiol-021014-071753},
keywords={LTP,memory,plasticity,spine,synapse}
}

@article {bliss73,
author ={Bliss, T V and Gardner-Medwin, A R},
title = {Long-lasting potentiation of synaptic transmission in the dentate area of the unanaestetized rabbit following stimulation of the perforant path},
year = {1973},
journal={The Journal Of Physiology},
volume={232},
number={2},
pages={357--74},
pmid={4727085},
keywords={}
}



@article {clugnet90,
author ={Clugnet, M C and LeDoux, J E},
title = {Synaptic plasticity in fear conditioning circuits: induction of LTP in the lateral nucleus of the amygdala by stimulation of the medial geniculate body},
year = {1990},
journal={The Journal Of Neuroscience : The Official Journal Of The Society For Neuroscience},
volume={10},
number={8},
pages={2818--24},
pmid={2388089},
keywords={}
}



@article {malenka04,
author ={Malenka, Robert C and Bear, Mark F},
title = {LTP and LTD: an embarrassment of riches},
year = {2004},
journal={Neuron},
volume={44},
number={1},
pages={5--21},
pmid={15450156},
doi={10.1016/j.neuron.2004.09.012},
keywords={}
}
@article {bekkers90,
author ={Bekkers, J M and Stevens, C F},
title = {Presynaptic mechanism for long-term potentiation in the hippocampus},
year = {1990},
journal={Nature},
volume={346},
number={6286},
pages={724--9},
pmid={2167454},
doi={10.1038/346724a0},
keywords={}
}
@article {malinow90,
author ={Malinow, R and Tsien, R W},
title = {Presynaptic enhancement shown by whole-cell recordings of long-term potentiation in hippocampal slices},
year = {1990},
journal={Nature},
volume={346},
number={6280},
pages={177--80},
pmid={2164158},
doi={10.1038/346177a0},
keywords={}
}

@article {isaac95,
author ={Isaac, J T and Nicoll, R A and Malenka, R C},
title = {Evidence for silent synapses: implications for the expression of LTP},
year = {1995},
journal={Neuron},
volume={15},
number={2},
pages={427--34},
pmid={7646894},
keywords={}
}



@article {liao95,
author ={Liao, D and Hessler, N A and Malinow, R},
title = {Activation of postsynaptically silent synapses during pairing-induced LTP in CA1 region of hippocampal slice},
year = {1995},
journal={Nature},
volume={375},
number={6530},
pages={400--4},
pmid={7760933},
doi={10.1038/375400a0},
keywords={}
}

@article {kerchner08,
author ={Kerchner, Geoffrey A and Nicoll, Roger A},
title = {Silent synapses and the emergence of a postsynaptic mechanism for LTP},
year = {2008},
journal={Nature Reviews. Neuroscience},
volume={9},
number={11},
pages={813--25},
pmid={18854855},
doi={10.1038/nrn2501},
keywords={}
}



@article {collingridge83,
author ={Collingridge, G L and Kehl, S J and McLennan, H},
title = {Excitatory amino acids in synaptic transmission in the Schaffer collateral-commissural pathway of the rat hippocampus},
year = {1983},
journal={The Journal Of Physiology},
volume={334},
pages={33--46},
pmid={6306230},
keywords={}
}



@article {patterson10,
author ={Patterson, Michael A and Szatmari, Erzsebet M and Yasuda, Ryohei},
title = {AMPA receptors are exocytosed in stimulated spines and adjacent dendrites in a Ras-ERK-dependent manner during long-term potentiation},
year = {2010},
journal={Proceedings Of The National Academy Of Sciences Of The United States Of America},
volume={107},
number={36},
pages={15951--6},
pmid={20733080},
doi={10.1073/pnas.0913875107},
keywords={}
}




@article {mcglade-mcculloh93,
author ={McGlade-McCulloh, E and Yamamoto, H and Tan, S E and Brickey, D A and Soderling, T R},
title = {Phosphorylation and regulation of glutamate receptors by calcium/calmodulin-dependent protein kinase II},
year = {1993},
journal={Nature},
volume={362},
number={6421},
pages={640--2},
pmid={8385275},
doi={10.1038/362640a0},
keywords={}
}



@article {barria97,
author ={Barria, A and Muller, D and Derkach, V and Griffith, L C and Soderling, T R},
title = {Regulatory phosphorylation of AMPA-type glutamate receptors by CaM-KII during long-term potentiation},
year = {1997},
journal={Science (New York, N.Y.)},
volume={276},
number={5321},
pages={2042--5},
pmid={9197267},
keywords={}
}




@article {lee03,
author ={Lee, Hey-Kyoung and Takamiya, Kogo and Han, Jung-Soo and Man, Hengye and Kim, Chong-Hyun and Rumbaugh, Gavin and Yu, Sandy and Ding, Lin and He, Chun and Petralia, Ronald S and Wenthold, Robert J and Gallagher, Michela and Huganir, Richard L},
title = {Phosphorylation of the AMPA receptor GluR1 subunit is required for synaptic plasticity and retention of spatial memory},
year = {2003},
journal={Cell},
volume={112},
number={5},
pages={631--43},
pmid={12628184},
keywords={}
}




@article {hayashi00,
author ={Hayashi, Y and Shi, S H and Esteban, J A and Piccini, A and Poncer, J C and Malinow, R},
title = {Driving AMPA receptors into synapses by LTP and CaMKII: requirement for GluR1 and PDZ domain interaction},
year = {2000},
journal={Science (New York, N.Y.)},
volume={287},
number={5461},
pages={2262--7},
pmid={10731148},
keywords={}
}




@article {shi01,
author ={Shi, S and Hayashi, Y and Esteban, J A and Malinow, R},
title = {Subunit-specific rules governing AMPA receptor trafficking to synapses in hippocampal pyramidal neurons},
year = {2001},
journal={Cell},
volume={105},
number={3},
pages={331--43},
pmid={11348590},
keywords={}
}



@article {zamanillo99,
author ={Zamanillo, D and Sprengel, R and Hvalby, O and Jensen, V and Burnashev, N and Rozov, A and Kaiser, K M and Köster, H J and Borchardt, T and Worley, P and Lübke, J and Frotscher, M and Kelly, P H and Sommer, B and Andersen, P and Seeburg, P H and Sakmann, B},
title = {Importance of AMPA receptors for hippocampal synaptic plasticity but not for spatial learning},
year = {1999},
journal={Science (New York, N.Y.)},
volume={284},
number={5421},
pages={1805--11},
pmid={10364547},
keywords={}
}

@article {meng03,
author ={Meng, Yanghong and Zhang, Yu and Jia, Zhengping},
title = {Synaptic transmission and plasticity in the absence of AMPA glutamate receptor GluR2 and GluR3},
year = {2003},
journal={Neuron},
volume={39},
number={1},
pages={163--76},
pmid={12848940},
keywords={}
}



@article {tomita05,
author ={Tomita, Susumu and Stein, Valentin and Stocker, Tim J and Nicoll, Roger A and Bredt, David S},
title = {Bidirectional synaptic plasticity regulated by phosphorylation of stargazin-like TARPs},
year = {2005},
journal={Neuron},
volume={45},
number={2},
pages={269--77},
pmid={15664178},
doi={10.1016/j.neuron.2005.01.009},
keywords={}
}

@article {sumioka10,
author ={Sumioka, Akio and Yan, Dan and Tomita, Susumu},
title = {TARP phosphorylation regulates synaptic AMPA receptors through lipid bilayers},
year = {2010},
journal={Neuron},
volume={66},
number={5},
pages={755--67},
pmid={20547132},
doi={10.1016/j.neuron.2010.04.035},
keywords={}
}




@article {granger13,
author ={Granger, Adam J and Shi, Yun and Lu, Wei and Cerpas, Manuel and Nicoll, Roger A},
title = {LTP requires a reserve pool of glutamate receptors independent of subunit type},
year = {2013},
journal={Nature},
volume={493},
number={7433},
pages={495--500},
pmid={23235828},
doi={10.1038/nature11775},
keywords={}
}




@article {chen03,
author ={Chen, Lu and El-Husseini, Alaa and Tomita, Susumu and Bredt, David S and Nicoll, Roger A},
title = {Stargazin differentially controls the trafficking of alpha-amino-3-hydroxyl-5-methyl-4-isoxazolepropionate and kainate receptors},
year = {2003},
journal={Molecular Pharmacology},
volume={64},
number={3},
pages={703--6},
pmid={12920207},
doi={10.1124/mol.64.3.703},
keywords={}
}



@article {collingridge10,
author ={Collingridge, Graham L and Peineau, Stephane and Howland, John G and Wang, Yu Tian},
title = {Long-term depression in the CNS},
year = {2010},
journal={Nature Reviews. Neuroscience},
volume={11},
number={7},
pages={459--73},
pmid={20559335},
doi={10.1038/nrn2867},
keywords={}
}

@article {dudek92,
author ={Dudek, S M and Bear, M F},
title = {Homosynaptic long-term depression in area CA1 of hippocampus and effects of N-methyl-D-aspartate receptor blockade},
year = {1992},
journal={Proceedings Of The National Academy Of Sciences Of The United States Of America},
volume={89},
number={10},
pages={4363--7},
pmid={1350090},
keywords={}
}



@article {mulkey93,
author ={Mulkey, R M and Herron, C E and Malenka, R C},
title = {An essential role for protein phosphatases in hippocampal long-term depression},
year = {1993},
journal={Science (New York, N.Y.)},
volume={261},
number={5124},
pages={1051--5},
pmid={8394601},
keywords={}
}
@article {collingridge04,
author ={Collingridge, Graham L and Isaac, John T R and Wang, Yu Tian},
title = {Receptor trafficking and synaptic plasticity},
year = {2004},
journal={Nature Reviews. Neuroscience},
volume={5},
number={12},
pages={952--62},
pmid={15550950},
doi={10.1038/nrn1556},
keywords={}
}
@article {palmer05,
author ={Palmer, Claire L and Lim, Wonil and Hastie, Peter G R and Toward, Marie and Korolchuk, Viktor I and Burbidge, Stephen A and Banting, George and Collingridge, Graham L and Isaac, John T R and Henley, Jeremy M},
title = {Hippocalcin functions as a calcium sensor in hippocampal LTD},
year = {2005},
journal={Neuron},
volume={47},
number={4},
pages={487--94},
pmid={16102532},
doi={10.1016/j.neuron.2005.06.014},
keywords={}
}
@article {lin07,
author ={Lin, Da-Ting and Huganir, Richard L},
title = {PICK1 and phosphorylation of the glutamate receptor 2 (GluR2) AMPA receptor subunit regulates GluR2 recycling after NMDA receptor-induced internalization},
year = {2007},
journal={The Journal Of Neuroscience : The Official Journal Of The Society For Neuroscience},
volume={27},
number={50},
pages={13903--8},
pmid={18077702},
doi={10.1523/JNEUROSCI.1750-07.2007},
keywords={}
}
@article {gladding09,
author ={Gladding, Clare M and Fitzjohn, Stephen M and Molnár, Elek},
title = {Metabotropic glutamate receptor-mediated long-term depression: molecular mechanisms},
year = {2009},
journal={Pharmacological Reviews},
volume={61},
number={4},
pages={395--412},
pmid={19926678},
doi={10.1124/pr.109.001735},
keywords={}
}
@article {luscher10,
author ={Lüscher, Christian and Huber, Kimberly M},
title = {Group 1 mGluR-dependent synaptic long-term depression: mechanisms and implications for circuitry and disease},
year = {2010},
journal={Neuron},
volume={65},
number={4},
pages={445--59},
pmid={20188650},
doi={10.1016/j.neuron.2010.01.016},
keywords={}
}

@article {oliet97,
author ={Oliet, S H and Malenka, R C and Nicoll, R A},
title = {Two distinct forms of long-term depression coexist in CA1 hippocampal pyramidal cells},
year = {1997},
journal={Neuron},
volume={18},
number={6},
pages={969--82},
pmid={9208864},
keywords={}
}
@article {bellone06,
author ={Bellone, Camilla and Lüscher, Christian},
title = {Cocaine triggered AMPA receptor redistribution is reversed in vivo by mGluR-dependent long-term depression},
year = {2006},
journal={Nature Neuroscience},
volume={9},
number={5},
pages={636--41},
pmid={16582902},
doi={10.1038/nn1682},
keywords={}
}
@article {jo08,
author ={Jo, Jihoon and Heon, Seok and Kim, Myung Jong and Son, Gi Hoon and Park, Yunkyung and Henley, Jeremy M and Weiss, Jamie L and Sheng, Morgan and Collingridge, Graham L and Cho, Kwangwook},
title = {Metabotropic glutamate receptor-mediated LTD involves two interacting Ca(2+) sensors, NCS-1 and PICK1},
year = {2008},
journal={Neuron},
volume={60},
number={6},
pages={1095--111},
pmid={19109914},
doi={10.1016/j.neuron.2008.10.050},
keywords={}
}
@article {zhang08,
author ={Zhang, Yang and Venkitaramani, Deepa V and Gladding, Clare M and Zhang, Yongfang and Kurup, Pradeep and Molnar, Elek and Collingridge, Graham L and Lombroso, Paul J},
title = {The tyrosine phosphatase STEP mediates AMPA receptor endocytosis after metabotropic glutamate receptor stimulation},
year = {2008},
journal={The Journal Of Neuroscience : The Official Journal Of The Society For Neuroscience},
volume={28},
number={42},
pages={10561--6},
pmid={18923032},
doi={10.1523/JNEUROSCI.2666-08.2008},
keywords={}
}
@article {park08,
author ={Park, Sungjin and Park, Joo Min and Kim, Sangmok and Kim, Jin-Ah and Shepherd, Jason D and Smith-Hicks, Constance L and Chowdhury, Shoaib and Kaufmann, Walter and Kuhl, Dietmar and Ryazanov, Alexey G and Huganir, Richard L and Linden, David J and Worley, Paul F},
title = {Elongation factor 2 and fragile X mental retardation protein control the dynamic translation of Arc/Arg3.1 essential for mGluR-LTD},
year = {2008},
journal={Neuron},
volume={59},
number={1},
pages={70--83},
pmid={18614030},
doi={10.1016/j.neuron.2008.05.023},
keywords={}
}

@article {konkel09,
author ={Konkel, Alex and Cohen, Neal J},
title = {Relational memory and the hippocampus: representations and methods},
year = {2009},
journal={Frontiers In Neuroscience},
volume={3},
number={2},
pages={166--74},
pmid={20011138},
doi={10.3389/neuro.01.023.2009},
keywords={amnesia,hippocampus,memory representations,relational memory}
}



@article {ayalon01,
author ={Ayalon, G and Stern-Bach, Y},
title = {Functional assembly of AMPA and kainate receptors is mediated by several discrete protein-protein interactions},
year = {2001},
journal={Neuron},
volume={31},
number={1},
pages={103--13},
pmid={11498054},
keywords={}
}

@article {wenthold96,
author ={Wenthold, R J and Petralia, R S and Blahos J, I I and Niedzielski, A S},
title = {Evidence for multiple AMPA receptor complexes in hippocampal CA1/CA2 neurons},
year = {1996},
journal={The Journal Of Neuroscience : The Official Journal Of The Society For Neuroscience},
volume={16},
number={6},
pages={1982--9},
pmid={8604042},
keywords={}
}




@article {lu09,
author ={Lu, Wei and Shi, Yun and Jackson, Alexander C and Bjorgan, Kirsten and During, Matthew J and Sprengel, Rolf and Seeburg, Peter H and Nicoll, Roger A},
title = {Subunit composition of synaptic AMPA receptors revealed by a single-cell genetic approach},
year = {2009},
journal={Neuron},
volume={62},
number={2},
pages={254--68},
pmid={19409270},
doi={10.1016/j.neuron.2009.02.027},
keywords={}
}
@article {greger03,
author ={Greger, Ingo H and Khatri, Latika and Kong, Xiangpeng and Ziff, Edward B},
title = {AMPA receptor tetramerization is mediated by Q/R editing},
year = {2003},
journal={Neuron},
volume={40},
number={4},
pages={763--74},
pmid={14622580},
keywords={}
}

@article {swanson97,
author ={Swanson, G T and Kamboj, S K and Cull-Candy, S G},
title = {Single-channel properties of recombinant AMPA receptors depend on RNA editing, splice variation, and subunit composition},
year = {1997},
journal={The Journal Of Neuroscience : The Official Journal Of The Society For Neuroscience},
volume={17},
number={1},
pages={58--69},
pmid={8987736},
keywords={}
}




@article {sommer91,
author ={Sommer, B and Köhler, M and Sprengel, R and Seeburg, P H},
title = {RNA editing in brain controls a determinant of ion flow in glutamate-gated channels},
year = {1991},
journal={Cell},
volume={67},
number={1},
pages={11--9},
pmid={1717158},
keywords={}
}
@article {whitehead17,
author ={Whitehead, Garry and Regan, Philip and Whitcomb, Daniel J and Cho, Kwangwook},
title = {Ca(2+)-permeable AMPA receptor: A new perspective on amyloid-beta mediated pathophysiology of Alzheimer's disease},
year = {2017},
journal={Neuropharmacology},
volume={112},
number={Pt A},
pages={221--227},
pmid={27561971},
doi={10.1016/j.neuropharm.2016.08.022},
keywords={Amyloid beta,Calcium permeable AMPA receptor,Glucocorticoid,Hippocampus,Synaptic plasticity}
}
@article {kwak06,
author ={Kwak, Shin and Weiss, John H},
title = {Calcium-permeable AMPA channels in neurodegenerative disease and ischemia},
year = {2006},
journal={Current Opinion In Neurobiology},
volume={16},
number={3},
pages={281--7},
pmid={16698262},
doi={10.1016/j.conb.2006.05.004},
keywords={}
}
@article {borgdorff02,
author ={Borgdorff, Aren J and Choquet, Daniel},
title = {Regulation of AMPA receptor lateral movements},
year = {2002},
journal={Nature},
volume={417},
number={6889},
pages={649--53},
pmid={12050666},
doi={10.1038/nature00780},
keywords={}
}
@article {groc04,
author ={Groc, Laurent and Heine, Martin and Cognet, Laurent and Brickley, Kieran and Stephenson, F Anne and Lounis, Brahim and Choquet, Daniel},
title = {Differential activity-dependent regulation of the lateral mobilities of AMPA and NMDA receptors},
year = {2004},
journal={Nature Neuroscience},
volume={7},
number={7},
pages={695--6},
pmid={15208630},
doi={10.1038/nn1270},
keywords={}
}
@article {malinow02,
author ={Malinow, Roberto and Malenka, Robert C},
title = {AMPA receptor trafficking and synaptic plasticity},
year = {2002},
journal={Annual Review Of Neuroscience},
volume={25},
pages={103--26},
pmid={12052905},
doi={10.1146/annurev.neuro.25.112701.142758},
keywords={}
}
@article {henley11,
author ={Henley, Jeremy M and Barker, Ellen A and Glebov, Oleg O},
title = {Routes, destinations and delays: recent advances in AMPA receptor trafficking},
year = {2011},
journal={Trends In Neurosciences},
volume={34},
number={5},
pages={258--68},
pmid={21420743},
doi={10.1016/j.tins.2011.02.004},
keywords={}
}

@article {chater14,
author ={Chater, Thomas E and Goda, Yukiko},
title = {The role of AMPA receptors in postsynaptic mechanisms of synaptic plasticity},
year = {2014},
journal={Frontiers In Cellular Neuroscience},
volume={8},
pages={401},
pmid={25505875},
doi={10.3389/fncel.2014.00401},
keywords={AMPAR,Hebbian plasticity,homeostatic plasticity,synaptic plasticity,synaptic transmission,trafficking}
}




@article {henley13,
author ={Henley, Jeremy M and Wilkinson, Kevin A},
title = {AMPA receptor trafficking and the mechanisms underlying synaptic plasticity and cognitive aging},
year = {2013},
journal={Dialogues In Clinical Neuroscience},
volume={15},
number={1},
pages={11--27},
pmid={23576886},
keywords={AMPA receptor,AMPA receptor trafficking,LTD,LTP,glutamate receptor,protein trafficking,synaptic plasticity}
}


