
@article {leal13,
author ={Leal, Stephanie L and Yassa, Michael A},
title = {Perturbations of neural circuitry in aging, mild cognitive impairment, and Alzheimer's disease},
year = {2013},
journal={Ageing Research Reviews},
volume={12},
number={3},
pages={823--31},
pmid={23380151},
doi={10.1016/j.arr.2013.01.006},
keywords={Aging,Alzheimer's disease,Diffusion tensor imaging,Magnetic resonance imaging,Medial temporal lobe,Mild cognitive impairment}
}
@article {intlekofer13,
author ={Intlekofer, Karlie A and Cotman, Carl W},
title = {Exercise counteracts declining hippocampal function in aging and Alzheimer's disease},
year = {2013},
journal={Neurobiology Of Disease},
volume={57},
pages={47--55},
pmid={22750524},
doi={10.1016/j.nbd.2012.06.011},
keywords={}
}
@article {sanchez11,
author ={Sanchez, Martha Millan and Moghadam, Sarah and Naik, Priyanka and Martin, Kara J and Salehi, Ahmad},
title = {Hippocampal network alterations in Alzheimer's disease and Down syndrome: from structure to therapy},
year = {2011},
journal={Journal Of Alzheimer'S Disease : Jad},
volume={26 Suppl 3},
pages={29--47},
pmid={21971449},
doi={10.3233/JAD-2011-0050},
keywords={}
}
@article {palmer11,
author ={Palmer, Alice and Good, Mark},
title = {Hippocampal synaptic activity, pattern separation and episodic-like memory: implications for mouse models of Alzheimer's disease pathology},
year = {2011},
journal={Biochemical Society Transactions},
volume={39},
number={4},
pages={902--9},
pmid={21787321},
doi={10.1042/BST0390902},
keywords={}
}
@article {marchetti11,
author ={Marchetti, Cristina and Marie, Hélène},
title = {Hippocampal synaptic plasticity in Alzheimer's disease: what have we learned so far from transgenic models?},
year = {2011},
journal={Reviews In The Neurosciences},
volume={22},
number={4},
pages={373--402},
pmid={21732714},
doi={10.1515/RNS.2011.035},
keywords={}
}
@article {santos10,
author ={Santos, Susana Ferrao and Pierrot, Nathalie and Octave, Jean-Noël},
title = {Network excitability dysfunction in Alzheimer's disease: insights from in vitro and in vivo models},
year = {2010},
journal={Reviews In The Neurosciences},
volume={21},
number={3},
pages={153--71},
pmid={20879690},
keywords={}
}
@article {rothman10,
author ={Rothman, Sarah M and Mattson, Mark P},
title = {Adverse stress, hippocampal networks, and Alzheimer's disease},
year = {2010},
journal={Neuromolecular Medicine},
volume={12},
number={1},
pages={56--70},
pmid={19943124},
doi={10.1007/s12017-009-8107-9},
keywords={}
}
@article {zhou16,
author ={Zhou, Mengxi and Zhang, Feng and Zhao, Li and Qian, Jin and Dong, Chunbo},
title = {Entorhinal cortex: a good biomarker of mild cognitive impairment and mild Alzheimer's disease},
year = {2016},
journal={Reviews In The Neurosciences},
volume={27},
number={2},
pages={185--95},
pmid={26444348},
doi={10.1515/revneuro-2015-0019},
keywords={}
}
@article {tromp15,
author ={Tromp, D and Dufour, A and Lithfous, S and Pebayle, T and Després, O},
title = {Episodic memory in normal aging and Alzheimer disease: Insights from imaging and behavioral studies},
year = {2015},
journal={Ageing Research Reviews},
volume={24},
number={Pt B},
pages={232--62},
pmid={26318058},
doi={10.1016/j.arr.2015.08.006},
keywords={Alzheimer disease,Episodic memory,Normal aging,PET,fMRI}
}
@article {mufson15,
author ={Mufson, E J and Mahady, L and Waters, D and Counts, S E and Perez, S E and DeKosky, S T and Ginsberg, S D and Ikonomovic, M D and Scheff, S W and Binder, L I},
title = {Hippocampal plasticity during the progression of Alzheimer's disease},
year = {2015},
journal={Neuroscience},
volume={309},
pages={51--67},
pmid={25772787},
doi={10.1016/j.neuroscience.2015.03.006},
keywords={Alzheimer’s disease,degeneration,hippocampus,mild cognitive impairment,neurotrophins,plasticity}
}

@article {guntupalli16,
author ={Guntupalli, Sumasri and Widagdo, Jocelyn and Anggono, Victor},
title = {Amyloid-β-Induced Dysregulation of AMPA Receptor Trafficking},
year = {2016},
journal={Neural Plasticity},
volume={2016},
pages={3204519},
pmid={27073700},
doi={10.1155/2016/3204519},
keywords={}
}




@article {jang16,
author ={Jang, Sung-Soo and Chung, Hee Jung},
title = {Emerging Link between Alzheimer's Disease and Homeostatic Synaptic Plasticity},
year = {2016},
journal={Neural Plasticity},
volume={2016},
pages={7969272},
pmid={27019755},
doi={10.1155/2016/7969272},
keywords={}
}



@article {hoesen93,
author ={Van Hoesen, G W and Solodkin, A},
title = {Some modular features of temporal cortex in humans as revealed by pathological changes in Alzheimer's disease},
year = {1993},
journal={Cerebral Cortex (New York, N.Y. : 1991)},
volume={3},
number={5},
pages={465--75},
pmid={7505138},
keywords={}
}

@article {zhan09,
author ={Zhan, Jiong and Brys, Miroslaw and Glodzik, Lidia and Tsui, Wai and Javier, Elizabeth and Wegiel, Jerzy and Kuchna, Izabela and Pirraglia, Elizabeth and Li, Yi and Mosconi, Lisa and Saint Louis, Leslie A and Switalski, Remigiusz and De Santi, Susan and Kim, Byeong C and Wisniewski, Thomas and Reisberg, Barry and Bobinski, Matthew and de Leon, Mony J},
title = {An entorhinal cortex sulcal pattern is associated with Alzheimer's disease},
year = {2009},
journal={Human Brain Mapping},
volume={30},
number={3},
pages={874--82},
pmid={18381771},
doi={10.1002/hbm.20549},
keywords={}
}

@article {kordower01,
author ={Kordower, J H and Chu, Y and Stebbins, G T and DeKosky, S T and Cochran, E J and Bennett, D and Mufson, E J},
title = {Loss and atrophy of layer II entorhinal cortex neurons in elderly people with mild cognitive impairment},
year = {2001},
journal={Annals Of Neurology},
volume={49},
number={2},
pages={202--13},
pmid={11220740},
keywords={}
}




@article {pennanen04,
author ={Pennanen, Corina and Kivipelto, Miia and Tuomainen, Susanna and Hartikainen, Päivi and Hänninen, Tuomo and Laakso, Mikko P and Hallikainen, Merja and Vanhanen, Matti and Nissinen, Aulikki and Helkala, Eeva-Liisa and Vainio, Pauli and Vanninen, Ritva and Partanen, Kaarina and Soininen, Hilkka},
title = {Hippocampus and entorhinal cortex in mild cognitive impairment and early AD},
year = {2004},
journal={Neurobiology Of Aging},
volume={25},
number={3},
pages={303--10},
pmid={15123335},
doi={10.1016/S0197-4580(03)00084-8},
keywords={}
}
@article {rakic81,
author ={Rakic, P and Nowakowski, R S},
title = {The time of origin of neurons in the hippocampal region of the rhesus monkey},
year = {1981},
journal={The Journal Of Comparative Neurology},
volume={196},
number={1},
pages={99--128},
pmid={7204668},
doi={10.1002/cne.901960109},
keywords={}
}
@article {hevner92,
author ={Hevner, R F and Wong-Riley, M T},
title = {Entorhinal cortex of the human, monkey, and rat: metabolic map as revealed by cytochrome oxidase},
year = {1992},
journal={The Journal Of Comparative Neurology},
volume={326},
number={3},
pages={451--69},
pmid={1334980},
doi={10.1002/cne.903260310},
keywords={}
}
@article {buckmaster04,
author ={Buckmaster, Paul S and Alonso, Angel and Canfield, Don R and Amaral, David G},
title = {Dendritic morphology, local circuitry, and intrinsic electrophysiology of principal neurons in the entorhinal cortex of macaque monkeys},
year = {2004},
journal={The Journal Of Comparative Neurology},
volume={470},
number={3},
pages={317--29},
pmid={14755519},
doi={10.1002/cne.20014},
keywords={}
}

@article {narisawa-saito96,
author ={Narisawa-Saito, M and Wakabayashi, K and Tsuji, S and Takahashi, H and Nawa, H},
title = {Regional specificity of alterations in NGF, BDNF and NT-3 levels in Alzheimer's disease},
year = {1996},
journal={Neuroreport},
volume={7},
number={18},
pages={2925--8},
pmid={9116211},
keywords={}
}





@article {peterson96,
author ={Peterson, D A and Lucidi-Phillipi, C A and Murphy, D P and Ray, J and Gage, F H},
title = {Fibroblast growth factor-2 protects entorhinal layer II glutamatergic neurons from axotomy-induced death},
year = {1996},
journal={The Journal Of Neuroscience : The Official Journal Of The Society For Neuroscience},
volume={16},
number={3},
pages={886--98},
pmid={8558257},
keywords={}
}




@article {janelsins05,
author ={Janelsins, Michelle C and Mastrangelo, Michael A and Oddo, Salvatore and LaFerla, Frank M and Federoff, Howard J and Bowers, William J},
title = {Early correlation of microglial activation with enhanced tumor necrosis factor-alpha and monocyte chemoattractant protein-1 expression specifically within the entorhinal cortex of triple transgenic Alzheimer's disease mice},
year = {2005},
journal={Journal Of Neuroinflammation},
volume={2},
pages={23},
pmid={16232318},
doi={10.1186/1742-2094-2-23},
keywords={}
}
@article {okun10,
author ={Okun, Eitan and Griffioen, Kathleen and Barak, Boaz and Roberts, Nicholas J and Castro, Kamilah and Pita, Mario A and Cheng, Aiwu and Mughal, Mohamed R and Wan, Ruiqian and Ashery, Uri and Mattson, Mark P},
title = {Toll-like receptor 3 inhibits memory retention and constrains adult hippocampal neurogenesis},
year = {2010},
journal={Proceedings Of The National Academy Of Sciences Of The United States Of America},
volume={107},
number={35},
pages={15625--30},
pmid={20713712},
doi={10.1073/pnas.1005807107},
keywords={}
}
@article {tang08,
author ={Tang, Sung-Chun and Lathia, Justin D and Selvaraj, Pradeep K and Jo, Dong-Gyu and Mughal, Mohamed R and Cheng, Aiwu and Siler, Dominic A and Markesbery, William R and Arumugam, Thiruma V and Mattson, Mark P},
title = {Toll-like receptor-4 mediates neuronal apoptosis induced by amyloid beta-peptide and the membrane lipid peroxidation product 4-hydroxynonenal},
year = {2008},
journal={Experimental Neurology},
volume={213},
number={1},
pages={114--21},
pmid={18586243},
doi={10.1016/j.expneurol.2008.05.014},
keywords={}
}
@article {stranahan10,
author ={Stranahan, Alexis M and Mattson, Mark P},
title = {Selective vulnerability of neurons in layer II of the entorhinal cortex during aging and Alzheimer's disease},
year = {2010},
journal={Neural Plasticity},
volume={2010},
pages={108190},
pmid={21331296},
doi={10.1155/2010/108190},
keywords={}
}

@article {smith00,
author ={Smith, T D and Adams, M M and Gallagher, M and Morrison, J H and Rapp, P R},
title = {Circuit-specific alterations in hippocampal synaptophysin immunoreactivity predict spatial learning impairment in aged rats},
year = {2000},
journal={The Journal Of Neuroscience : The Official Journal Of The Society For Neuroscience},
volume={20},
number={17},
pages={6587--93},
pmid={10964964},
keywords={}
}




@article {calhoun08,
author ={Calhoun, Michael E and Fletcher, Bonnie R and Yi, Stella and Zentko, Diana C and Gallagher, Michela and Rapp, Peter R},
title = {Age-related spatial learning impairment is unrelated to spinophilin immunoreactive spine number and protein levels in rat hippocampus},
year = {2008},
journal={Neurobiology Of Aging},
volume={29},
number={8},
pages={1256--64},
pmid={17353069},
doi={10.1016/j.neurobiolaging.2007.02.013},
keywords={}
}
@article {barnes80,
author ={Barnes, C A and McNaughton, B L},
title = {Physiological compensation for loss of afferent synapses in rat hippocampal granule cells during senescence},
year = {1980},
journal={The Journal Of Physiology},
volume={309},
pages={473--85},
pmid={7252877},
keywords={}
}
@article {barnes00,
author ={Barnes, C A and Rao, G and Houston, F P},
title = {LTP induction threshold change in old rats at the perforant path--granule cell synapse},
year = {2000},
journal={Neurobiology Of Aging},
volume={21},
number={5},
pages={613--20},
pmid={11016529},
keywords={}
}
@article {reilly03,
author ={Reilly, John F and Games, Dora and Rydel, Russell E and Freedman, Stephen and Schenk, Dale and Young, Warren G and Morrison, John H and Bloom, Floyd E},
title = {Amyloid deposition in the hippocampus and entorhinal cortex: quantitative analysis of a transgenic mouse model},
year = {2003},
journal={Proceedings Of The National Academy Of Sciences Of The United States Of America},
volume={100},
number={8},
pages={4837--42},
pmid={12697936},
doi={10.1073/pnas.0330745100},
keywords={}
}
@article {dong07,
author ={Dong, Hongxin and Martin, Maureen V and Chambers, Shawn and Csernansky, John G},
title = {Spatial relationship between synapse loss and beta-amyloid deposition in Tg2576 mice},
year = {2007},
journal={The Journal Of Comparative Neurology},
volume={500},
number={2},
pages={311--21},
pmid={17111375},
doi={10.1002/cne.21176},
keywords={}
}
@article {palop07,
author ={Palop, Jorge J and Chin, Jeannie and Roberson, Erik D and Wang, Jun and Thwin, Myo T and Bien-Ly, Nga and Yoo, Jong and Ho, Kaitlyn O and Yu, Gui-Qiu and Kreitzer, Anatol and Finkbeiner, Steven and Noebels, Jeffrey L and Mucke, Lennart},
title = {Aberrant excitatory neuronal activity and compensatory remodeling of inhibitory hippocampal circuits in mouse models of Alzheimer's disease},
year = {2007},
journal={Neuron},
volume={55},
number={5},
pages={697--711},
pmid={17785178},
doi={10.1016/j.neuron.2007.07.025},
keywords={}
}
@article {clavaguera09,
author ={Clavaguera, Florence and Bolmont, Tristan and Crowther, R Anthony and Abramowski, Dorothee and Frank, Stephan and Probst, Alphonse and Fraser, Graham and Stalder, Anna K and Beibel, Martin and Staufenbiel, Matthias and Jucker, Mathias and Goedert, Michel and Tolnay, Markus},
title = {Transmission and spreading of tauopathy in transgenic mouse brain},
year = {2009},
journal={Nature Cell Biology},
volume={11},
number={7},
pages={909--13},
pmid={19503072},
doi={10.1038/ncb1901},
keywords={}
}
@article {jack02,
author ={Jack, C R and Dickson, D W and Parisi, J E and Xu, Y C and Cha, R H and O'Brien, P C and Edland, S D and Smith, G E and Boeve, B F and Tangalos, E G and Kokmen, E and Petersen, R C},
title = {Antemortem MRI findings correlate with hippocampal neuropathology in typical aging and dementia},
year = {2002},
journal={Neurology},
volume={58},
number={5},
pages={750--7},
pmid={11889239},
keywords={}
}