
@article {squire09,
author ={Squire, Larry R},
title = {The legacy of patient H.M. for neuroscience},
year = {2009},
journal={Neuron},
volume={61},
number={1},
pages={6--9},
pmid={19146808},
doi={10.1016/j.neuron.2008.12.023},
keywords={}
}
@article {kitanishi17,
author ={Kitanishi, Takuma and Ito, Hiroshi T and Hayashi, Yuichiro and Shinohara, Yoshiaki and Mizuseki, Kenji and Hikida, Takatoshi},
title = {Network mechanisms of hippocampal laterality, place coding, and goal-directed navigation},
year = {2017},
journal={The Journal Of Physiological Sciences : Jps},
volume={67},
number={2},
pages={247--258},
pmid={27864684},
doi={10.1007/s12576-016-0502-z},
keywords={Hippocampus,Left–right asymmetry,Navigation,Oscillations,Place cells,Synaptic plasticity}
}
@article {lee16,
author ={Lee, Justin Q and Zelinski, Erin L and McDonald, Robert J and Sutherland, Robert J},
title = {Heterarchic reinstatement of long-term memory: A concept on hippocampal amnesia in rodent memory research},
year = {2016},
journal={Neuroscience And Biobehavioral Reviews},
volume={71},
pages={154--166},
pmid={27592152},
doi={10.1016/j.neubiorev.2016.08.034},
keywords={Heterarchic reinstatement,Hippocampus,Long-term memory,Rodents}
}
@article {meister16,
author ={Meister, Miriam L R and Buffalo, Elizabeth A},
title = {Getting directions from the hippocampus: The neural connection between looking and memory},
year = {2016},
journal={Neurobiology Of Learning And Memory},
volume={134 Pt A},
pages={135--44},
pmid={26743043},
doi={10.1016/j.nlm.2015.12.004},
keywords={Eye movements,Free-viewing,Hippocampus,Medial temporal lobe,Memory,Neurons,Primate,Saccades}
}
@article {mizumori13,
author ={Mizumori, Sheri J Y and Jo, Yong Sang},
title = {Homeostatic regulation of memory systems and adaptive decisions},
year = {2013},
journal={Hippocampus},
volume={23},
number={11},
pages={1103--24},
pmid={23929788},
doi={10.1002/hipo.22176},
keywords={error correction,hippocampus,predictions,prefrontal cortex,striatum}
}
@article {mcdonald13,
author ={McDonald, Robert J and Hong, Nancy S},
title = {How does a specific learning and memory system in the mammalian brain gain control of behavior?},
year = {2013},
journal={Hippocampus},
volume={23},
number={11},
pages={1084--102},
pmid={23929795},
doi={10.1002/hipo.22177},
keywords={acetylcholine,amygdale,ascending neurotransmitter systems,competition,dorsal striatum,hippocampus,prefrontal cortex,systems interaction}
}
@article {shohamy13,
author ={Shohamy, Daphna and Turk-Browne, Nicholas B},
title = {Mechanisms for widespread hippocampal involvement in cognition},
year = {2013},
journal={Journal Of Experimental Psychology. General},
volume={142},
number={4},
pages={1159--70},
pmid={24246058},
doi={10.1037/a0034461},
keywords={}
}
@article {smith14,
author ={Smith, David M and Bulkin, David A},
title = {The form and function of hippocampal context representations},
year = {2014},
journal={Neuroscience And Biobehavioral Reviews},
volume={40},
pages={52--61},
pmid={24462752},
doi={10.1016/j.neubiorev.2014.01.005},
keywords={Context,Hippocampus,Interference,Memory}
}
@article {draguhn14,
author ={Draguhn, Andreas and Keller, Martin and Reichinnek, Susanne},
title = {Coordinated network activity in the hippocampus},
year = {2014},
journal={Frontiers Of Neurology And Neuroscience},
volume={34},
pages={26--35},
pmid={24777128},
doi={10.1159/000357026},
keywords={}
}
@article {opitz14,
author ={Opitz, Bertram},
title = {Memory function and the hippocampus},
year = {2014},
journal={Frontiers Of Neurology And Neuroscience},
volume={34},
pages={51--9},
pmid={24777130},
doi={10.1159/000356422},
keywords={}
}
@article {igarashi14,
author ={Igarashi, Kei M and Ito, Hiroshi T and Moser, Edvard I and Moser, May-Britt},
title = {Functional diversity along the transverse axis of hippocampal area CA1},
year = {2014},
journal={Febs Letters},
volume={588},
number={15},
pages={2470--6},
pmid={24911200},
doi={10.1016/j.febslet.2014.06.004},
keywords={CA1,Direct pathway,Entorhinal cortex,Hippocampus,Transverse axis}
}
@article {oh15,
author ={Oh, M Matthew and Disterhoft, John F},
title = {Increased Excitability of Both Principal Neurons and Interneurons during Associative Learning},
year = {2015},
journal={The Neuroscientist : A Review Journal Bringing Neurobiology, Neurology And Psychiatry},
volume={21},
number={4},
pages={372--84},
pmid={24946769},
doi={10.1177/1073858414537382},
keywords={CREB,inhibitory interneurons,intrinsic excitability,memory,postburst afterhyperpolarization,pyramidal neurons}
}
@article {middei14,
author ={Middei, Silvia and Ammassari-Teule, Martine and Marie, Hélène},
title = {Synaptic plasticity under learning challenge},
year = {2014},
journal={Neurobiology Of Learning And Memory},
volume={115},
pages={108--15},
pmid={25132316},
doi={10.1016/j.nlm.2014.08.001},
keywords={Cognitive challenge,Hippocampus,Learning and memory,Spines,Synaptic plasticity}
}
@article {eichenbaum14,
author ={Eichenbaum, Howard and Cohen, Neal J},
title = {Can we reconcile the declarative memory and spatial navigation views on hippocampal function?},
year = {2014},
journal={Neuron},
volume={83},
number={4},
pages={764--70},
pmid={25144874},
doi={10.1016/j.neuron.2014.07.032},
keywords={}
}
@article {rozeske15,
author ={Rozeske, R R and Valerio, S and Chaudun, F and Herry, C},
title = {Prefrontal neuronal circuits of contextual fear conditioning},
year = {2015},
journal={Genes, Brain, And Behavior},
volume={14},
number={1},
pages={22--36},
pmid={25287656},
doi={10.1111/gbb.12181},
keywords={Anxiety disorders,contextual fear conditioning,fear acquisition,fear discrimination,fear expression,fear generalization,freezing,medial prefrontal cortex,neuronal circuits,post-traumatic stress disorder}
}
@article {kesner15,
author ={Kesner, Raymond P and Rolls, Edmund T},
title = {A computational theory of hippocampal function, and tests of the theory: new developments},
year = {2015},
journal={Neuroscience And Biobehavioral Reviews},
volume={48},
pages={92--147},
pmid={25446947},
doi={10.1016/j.neubiorev.2014.11.009},
keywords={Autoassociation,CA1,CA3,Cortical Backprojections,Dentate granule cells,Episodic memory,Hippocampus,Recall}
}
@article {sasaki15,
author ={Sasaki, Takuya and Leutgeb, Stefan and Leutgeb, Jill K},
title = {Spatial and memory circuits in the medial entorhinal cortex},
year = {2015},
journal={Current Opinion In Neurobiology},
volume={32},
pages={16--23},
pmid={25463560},
doi={10.1016/j.conb.2014.10.008},
keywords={}
}
@article {huijgen15,
author ={Huijgen, J and Samson, S},
title = {The hippocampus: A central node in a large-scale brain network for memory},
year = {2015},
journal={Revue Neurologique},
volume={171},
number={3},
pages={204--16},
pmid={25770921},
doi={10.1016/j.neurol.2015.01.557},
keywords={Accelerated long-term forgetting,Consolidation,Familiarity,Familiarité,Gyrus parahippocampique,Hippocampe,Hippocampus,Long-term memory,Mémoire à long terme,Oublie à long terme accéléré,Parahippocampal gyrus,Recognition,Reconnaissance}
}
@article {mufson15,
author ={Mufson, E J and Mahady, L and Waters, D and Counts, S E and Perez, S E and DeKosky, S T and Ginsberg, S D and Ikonomovic, M D and Scheff, S W and Binder, L I},
title = {Hippocampal plasticity during the progression of Alzheimer's disease},
year = {2015},
journal={Neuroscience},
volume={309},
pages={51--67},
pmid={25772787},
doi={10.1016/j.neuroscience.2015.03.006},
keywords={Alzheimer’s disease,degeneration,hippocampus,mild cognitive impairment,neurotrophins,plasticity}
}
@article {mehta15,
author ={Mehta, Mayank R},
title = {From synaptic plasticity to spatial maps and sequence learning},
year = {2015},
journal={Hippocampus},
volume={25},
number={6},
pages={756--62},
pmid={25929239},
doi={10.1002/hipo.22472},
keywords={NMDAR,STDP,grid cells,place cells,synaptic plasticity}
}
@article {knierim16,
author ={Knierim, James J and Neunuebel, Joshua P},
title = {Tracking the flow of hippocampal computation: Pattern separation, pattern completion, and attractor dynamics},
year = {2016},
journal={Neurobiology Of Learning And Memory},
volume={129},
pages={38--49},
pmid={26514299},
doi={10.1016/j.nlm.2015.10.008},
keywords={Attractors,CA3,Dentate gyrus,Pattern completion,Pattern separation,Place cells}
}
@article {scoville57,
author ={Scoville, W B and Milner, B},
title = {Loss of recent memory after bilateral hippocampal lesions},
year = {1957},
journal={Journal Of Neurology, Neurosurgery, And Psychiatry},
volume={20},
number={1},
pages={11--21},
pmid={13406589},
keywords={MEMORY,TEMPORAL LOBE/surgery}
}
@article {bruce01,
author ={Bruce, D},
title = {Fifty years since Lashley's In search of the Engram: refutations and conjectures},
year = {2001},
journal={Journal Of The History Of The Neurosciences},
volume={10},
number={3},
pages={308--18},
pmid={11770197},
doi={10.1076/jhin.10.3.308.9086},
keywords={}
}
@article {squire91,
author ={Squire, L R and Zola-Morgan, S},
title = {The medial temporal lobe memory system},
year = {1991},
journal={Science (New York, N.Y.)},
volume={253},
number={5026},
pages={1380--6},
pmid={1896849},
keywords={}
}
@article {fenton15,
author ={Fenton, André A},
title = {Coordinating with the "Inner GPS"},
year = {2015},
journal={Hippocampus},
volume={25},
number={6},
pages={763--9},
pmid={25800714},
doi={10.1002/hipo.22451},
keywords={grid cell,hippocampus,neural coordination,place cell,spatial cognition}
}
@article {strien09,
author ={van Strien, N M and Cappaert, N L M and Witter, M P},
title = {The anatomy of memory: an interactive overview of the parahippocampal-hippocampal network},
year = {2009},
journal={Nature Reviews. Neuroscience},
volume={10},
number={4},
pages={272--82},
pmid={19300446},
doi={10.1038/nrn2614},
keywords={}
}
@article {clark13,
author ={Clark, Robert E and Squire, Larry R},
title = {Similarity in form and function of the hippocampus in rodents, monkeys, and humans},
year = {2013},
journal={Proceedings Of The National Academy Of Sciences Of The United States Of America},
volume={110 Suppl 2},
pages={10365--70},
pmid={23754372},
doi={10.1073/pnas.1301225110},
keywords={}
}
@article {kheirbek11,
author ={Kheirbek, Mazen A and Hen, René},
title = {Dorsal vs ventral hippocampal neurogenesis: implications for cognition and mood},
year = {2011},
journal={Neuropsychopharmacology : Official Publication Of The American College Of Neuropsychopharmacology},
volume={36},
number={1},
pages={373--4},
pmid={21116266},
doi={10.1038/npp.2010.148},
keywords={}
}
@article {fanselow10,
author ={Fanselow, Michael S and Dong, Hong-Wei},
title = {Are the dorsal and ventral hippocampus functionally distinct structures?},
year = {2010},
journal={Neuron},
volume={65},
number={1},
pages={7--19},
pmid={20152109},
doi={10.1016/j.neuron.2009.11.031},
keywords={}
}
@article {chevaleyre16,
author ={Chevaleyre, Vivien and Piskorowski, Rebecca A},
title = {Hippocampal Area CA2: An Overlooked but Promising Therapeutic Target},
year = {2016},
journal={Trends In Molecular Medicine},
volume={22},
number={8},
pages={645--55},
pmid={27372610},
doi={10.1016/j.molmed.2016.06.007},
keywords={area CA2,hippocampus,neurodegenerative diseases,schizophrenia,social memory}
}
@article {rolls07,
author ={Rolls, Edmund T},
title = {An attractor network in the hippocampus: theory and neurophysiology},
year = {2007},
journal={Learning \& Memory (Cold Spring Harbor, N.Y.)},
volume={14},
number={11},
pages={714--31},
pmid={18007016},
doi={10.1101/lm.631207},
keywords={}
}
@article {nakazawa02,
author ={Nakazawa, Kazu and Quirk, Michael C and Chitwood, Raymond A and Watanabe, Masahiko and Yeckel, Mark F and Sun, Linus D and Kato, Akira and Carr, Candice A and Johnston, Daniel and Wilson, Matthew A and Tonegawa, Susumu},
title = {Requirement for hippocampal CA3 NMDA receptors in associative memory recall},
year = {2002},
journal={Science (New York, N.Y.)},
volume={297},
number={5579},
pages={211--8},
pmid={12040087},
doi={10.1126/science.1071795},
keywords={}
}
@article {laurberg81,
author ={Laurberg, S and Sørensen, K E},
title = {Associational and commissural collaterals of neurons in the hippocampal formation (hilus fasciae dentatae and subfield CA3)},
year = {1981},
journal={Brain Research},
volume={212},
number={2},
pages={287--300},
pmid={7225870},
keywords={}
}
@article {li94,
author ={Li, X G and Somogyi, P and Ylinen, A and Buzsáki, G},
title = {The hippocampal CA3 network: an in vivo intracellular labeling study},
year = {1994},
journal={The Journal Of Comparative Neurology},
volume={339},
number={2},
pages={181--208},
pmid={8300905},
doi={10.1002/cne.903390204},
keywords={}
}
@article {ishizuka90,
author ={Ishizuka, N and Weber, J and Amaral, D G},
title = {Organization of intrahippocampal projections originating from CA3 pyramidal cells in the rat},
year = {1990},
journal={The Journal Of Comparative Neurology},
volume={295},
number={4},
pages={580--623},
pmid={2358523},
doi={10.1002/cne.902950407},
keywords={}
}
@article {finch83,
author ={Finch, D M and Nowlin, N L and Babb, T L},
title = {Demonstration of axonal projections of neurons in the rat hippocampus and subiculum by intracellular injection of HRP},
year = {1983},
journal={Brain Research},
volume={271},
number={2},
pages={201--16},
pmid={6616174},
keywords={}
}

@article {marr71,
author ={Marr, D},
title = {Simple memory: a theory for archicortex},
year = {1971},
journal={Philosophical Transactions Of The Royal Society Of London. Series B, Biological Sciences},
volume={262},
number={841},
pages={23--81},
pmid={4399412},
keywords={}
}


@article{willshaw15,
  title={Memory, modelling and Marr: a commentary on Marr (1971)‘Simple memory: a theory of archicortex’},
  author={Willshaw, DJ and Dayan, P and Morris, RGM},
  journal={Phil. Trans. R. Soc. B},
  volume={370},
  number={1666},
  pages={20140383},
  year={2015},
  publisher={The Royal Society}
}

@article {mcclelland13,
author ={McClelland, James L},
title = {Incorporating rapid neocortical learning of new schema-consistent information into complementary learning systems theory},
year = {2013},
journal={Journal Of Experimental Psychology. General},
volume={142},
number={4},
pages={1190--210},
pmid={23978185},
doi={10.1037/a0033812},
keywords={}
}
@article {fyhn04,
author ={Fyhn, Marianne and Molden, Sturla and Witter, Menno P and Moser, Edvard I and Moser, May-Britt},
title = {Spatial representation in the entorhinal cortex},
year = {2004},
journal={Science (New York, N.Y.)},
volume={305},
number={5688},
pages={1258--64},
pmid={15333832},
doi={10.1126/science.1099901},
keywords={}
}
@article {hafting05,
author ={Hafting, Torkel and Fyhn, Marianne and Molden, Sturla and Moser, May-Britt and Moser, Edvard I},
title = {Microstructure of a spatial map in the entorhinal cortex},
year = {2005},
journal={Nature},
volume={436},
number={7052},
pages={801--6},
pmid={15965463},
doi={10.1038/nature03721},
keywords={}
}

@article {squire92,
author ={Squire, L R},
title = {Memory and the hippocampus: a synthesis from findings with rats, monkeys, and humans},
year = {1992},
journal={Psychological Review},
volume={99},
number={2},
pages={195--231},
pmid={1594723},
keywords={}
}




@article {cohen80,
author ={Cohen, N J and Squire, L R},
title = {Preserved learning and retention of pattern-analyzing skill in amnesia: dissociation of knowing how and knowing that},
year = {1980},
journal={Science (New York, N.Y.)},
volume={210},
number={4466},
pages={207--10},
pmid={7414331},
keywords={}
}




@article {squire04,
author ={Squire, Larry R and Stark, Craig E L and Clark, Robert E},
title = {The medial temporal lobe},
year = {2004},
journal={Annual Review Of Neuroscience},
volume={27},
pages={279--306},
pmid={15217334},
doi={10.1146/annurev.neuro.27.070203.144130},
keywords={}
}

@article {marslen-wilson75,
author ={Marslen-Wilson, W D and Teuber, H L},
title = {Memory for remote events in anterograde amnesia: recognition of public figures from newsphotographs},
year = {1975},
journal={Neuropsychologia},
volume={13},
number={3},
pages={353--64},
pmid={1161134},
keywords={}
}




@article {frankland05,
author ={Frankland, Paul W and Bontempi, Bruno},
title = {The organization of recent and remote memories},
year = {2005},
journal={Nature Reviews. Neuroscience},
volume={6},
number={2},
pages={119--30},
pmid={15685217},
doi={10.1038/nrn1607},
keywords={}
}
@article {bontempi99,
author ={Bontempi, B and Laurent-Demir, C and Destrade, C and Jaffard, R},
title = {Time-dependent reorganization of brain circuitry underlying long-term memory storage},
year = {1999},
journal={Nature},
volume={400},
number={6745},
pages={671--5},
pmid={10458162},
doi={10.1038/23270},
keywords={}
}
@article {frankland04a,
author ={Frankland, Paul W and Bontempi, Bruno and Talton, Lynn E and Kaczmarek, Leszek and Silva, Alcino J},
title = {The involvement of the anterior cingulate cortex in remote contextual fear memory},
year = {2004},
journal={Science (New York, N.Y.)},
volume={304},
number={5672},
pages={881--3},
pmid={15131309},
doi={10.1126/science.1094804},
keywords={}
}
@article {takehara-nishiuchi06,
author ={Takehara-Nishiuchi, Kaori and Nakao, Kazuhito and Kawahara, Shigenori and Matsuki, Norio and Kirino, Yutaka},
title = {Systems consolidation requires postlearning activation of NMDA receptors in the medial prefrontal cortex in trace eyeblink conditioning},
year = {2006},
journal={The Journal Of Neuroscience : The Official Journal Of The Society For Neuroscience},
volume={26},
number={19},
pages={5049--58},
pmid={16687496},
doi={10.1523/JNEUROSCI.4381-05.2006},
keywords={}
}
@article {maviel04,
author ={Maviel, Thibault and Durkin, Thomas P and Menzaghi, Frédérique and Bontempi, Bruno},
title = {Sites of neocortical reorganization critical for remote spatial memory},
year = {2004},
journal={Science (New York, N.Y.)},
volume={305},
number={5680},
pages={96--9},
pmid={15232109},
doi={10.1126/science.1098180},
keywords={}
}
@article {routtenberg00,
author ={Routtenberg, A and Cantallops, I and Zaffuto, S and Serrano, P and Namgung, U},
title = {Enhanced learning after genetic overexpression of a brain growth protein},
year = {2000},
journal={Proceedings Of The National Academy Of Sciences Of The United States Of America},
volume={97},
number={13},
pages={7657--62},
pmid={10861025},
keywords={}
}
@article {restivo09,
author ={Restivo, Leonardo and Vetere, Gisella and Bontempi, Bruno and Ammassari-Teule, Martine},
title = {The formation of recent and remote memory is associated with time-dependent formation of dendritic spines in the hippocampus and anterior cingulate cortex},
year = {2009},
journal={The Journal Of Neuroscience : The Official Journal Of The Society For Neuroscience},
volume={29},
number={25},
pages={8206--14},
pmid={19553460},
doi={10.1523/JNEUROSCI.0966-09.2009},
keywords={}
}
@article {ji07,
author ={Ji, Daoyun and Wilson, Matthew A},
title = {Coordinated memory replay in the visual cortex and hippocampus during sleep},
year = {2007},
journal={Nature Neuroscience},
volume={10},
number={1},
pages={100--7},
pmid={17173043},
doi={10.1038/nn1825},
keywords={}
}
@article {mumby99,
author ={Mumby, D G and Astur, R S and Weisend, M P and Sutherland, R J},
title = {Retrograde amnesia and selective damage to the hippocampal formation: memory for places and object discriminations},
year = {1999},
journal={Behavioural Brain Research},
volume={106},
number={1-2},
pages={97--107},
pmid={10595425},
keywords={}
}
@article {sutherland01,
author ={Sutherland, R J and Weisend, M P and Mumby, D and Astur, R S and Hanlon, F M and Koerner, A and Thomas, M J and Wu, Y and Moses, S N and Cole, C and Hamilton, D A and Hoesing, J M},
title = {Retrograde amnesia after hippocampal damage: recent vs. remote memories in two tasks},
year = {2001},
journal={Hippocampus},
volume={11},
number={1},
pages={27--42},
pmid={11261770},
doi={10.1002/1098-1063(2001)11:1<27::AID-HIPO1017>3.0.CO;2-4},
keywords={}
}
@article {clark05,
author ={Clark, Robert E and Broadbent, Nicola J and Squire, Larry R},
title = {Impaired remote spatial memory after hippocampal lesions despite extensive training beginning early in life},
year = {2005},
journal={Hippocampus},
volume={15},
number={3},
pages={340--6},
pmid={15744736},
doi={10.1002/hipo.20076},
keywords={}
}

@article {cipolotti01,
author ={Cipolotti, L and Shallice, T and Chan, D and Fox, N and Scahill, R and Harrison, G and Stevens, J and Rudge, P},
title = {Long-term retrograde amnesia...the crucial role of the hippocampus},
year = {2001},
journal={Neuropsychologia},
volume={39},
number={2},
pages={151--72},
pmid={11163373},
keywords={}
}





@article {viskontas02,
author ={Viskontas, Indre V and McAndrews, Mary Pat and Moscovitch, Morris},
title = {Memory for famous people in patients with unilateral temporal lobe epilepsy and excisions},
year = {2002},
journal={Neuropsychology},
volume={16},
number={4},
pages={472--80},
pmid={12382986},
keywords={}
}




@article {wheeler13,
author ={Wheeler, Anne L and Teixeira, Cátia M and Wang, Afra H and Xiong, Xuejian and Kovacevic, Natasa and Lerch, Jason P and McIntosh, Anthony R and Parkinson, John and Frankland, Paul W},
title = {Identification of a functional connectome for long-term fear memory in mice},
year = {2013},
journal={Plos Computational Biology},
volume={9},
number={1},
pages={e1002853},
pmid={23300432},
doi={10.1371/journal.pcbi.1002853},
keywords={}
}




@article {ryan01,
author ={Ryan, L and Nadel, L and Keil, K and Putnam, K and Schnyer, D and Trouard, T and Moscovitch, M},
title = {Hippocampal complex and retrieval of recent and very remote autobiographical memories: evidence from functional magnetic resonance imaging in neurologically intact people},
year = {2001},
journal={Hippocampus},
volume={11},
number={6},
pages={707--14},
pmid={11811665},
doi={10.1002/hipo.1086},
keywords={}
}

@article {nadel97,
author ={Nadel, L and Moscovitch, M},
title = {Memory consolidation, retrograde amnesia and the hippocampal complex},
year = {1997},
journal={Current Opinion In Neurobiology},
volume={7},
number={2},
pages={217--27},
pmid={9142752},
keywords={}
}



@article {kapur97,
author ={Kapur, N and Millar, J and Colbourn, C and Abbott, P and Kennedy, P and Docherty, T},
title = {Very long-term amnesia in association with temporal lobe epilepsy: evidence for multiple-stage consolidation processes},
year = {1997},
journal={Brain And Cognition},
volume={35},
number={1},
pages={58--70},
pmid={9339302},
doi={10.1006/brcg.1997.0927},
keywords={}
}
@article {moscovitch05,
author ={Moscovitch, Morris and Rosenbaum, R Shayna and Gilboa, Asaf and Addis, Donna Rose and Westmacott, Robyn and Grady, Cheryl and McAndrews, Mary Pat and Levine, Brian and Black, Sandra and Winocur, Gordon and Nadel, Lynn},
title = {Functional neuroanatomy of remote episodic, semantic and spatial memory: a unified account based on multiple trace theory},
year = {2005},
journal={Journal Of Anatomy},
volume={207},
number={1},
pages={35--66},
pmid={16011544},
doi={10.1111/j.1469-7580.2005.00421.x},
keywords={}
}

@article {vargha-khadem97,
author ={Vargha-Khadem, F and Gadian, D G and Watkins, K E and Connelly, A and Van Paesschen, W and Mishkin, M},
title = {Differential effects of early hippocampal pathology on episodic and semantic memory},
year = {1997},
journal={Science (New York, N.Y.)},
volume={277},
number={5324},
pages={376--80},
pmid={9219696},
keywords={}
}




@article {maguire01,
author ={Maguire, E A},
title = {Neuroimaging studies of autobiographical event memory},
year = {2001},
journal={Philosophical Transactions Of The Royal Society Of London. Series B, Biological Sciences},
volume={356},
number={1413},
pages={1441--51},
pmid={11571035},
doi={10.1098/rstb.2001.0944},
keywords={}
}
@article {svoboda06,
author ={Svoboda, Eva and McKinnon, Margaret C and Levine, Brian},
title = {The functional neuroanatomy of autobiographical memory: a meta-analysis},
year = {2006},
journal={Neuropsychologia},
volume={44},
number={12},
pages={2189--208},
pmid={16806314},
doi={10.1016/j.neuropsychologia.2006.05.023},
keywords={}
}
@article {wang10,
author ={Wang, Szu-Han and Morris, Richard G M},
title = {Hippocampal-neocortical interactions in memory formation, consolidation, and reconsolidation},
year = {2010},
journal={Annual Review Of Psychology},
volume={61},
pages={49--79, C1--4},
pmid={19575620},
doi={10.1146/annurev.psych.093008.100523},
keywords={}
}

@article{dunbar16,
  title={Reconsolidation and psychopathology: Moving towards reconsolidation-based treatments},
  author={Dunbar, Amber B and Taylor, Jane R},
  journal={Neurobiology of Learning and Memory},
  year={2016},
  publisher={Elsevier}
}



@article {addis04,
author ={Addis, Donna Rose and Moscovitch, Morris and Crawley, Adrian P and McAndrews, Mary Pat},
title = {Recollective qualities modulate hippocampal activation during autobiographical memory retrieval},
year = {2004},
journal={Hippocampus},
volume={14},
number={6},
pages={752--62},
pmid={15318333},
doi={10.1002/hipo.10215},
keywords={}
}
@article {steinvorth06,
author ={Steinvorth, Sarah and Corkin, Suzanne and Halgren, Eric},
title = {Ecphory of autobiographical memories: an fMRI study of recent and remote memory retrieval},
year = {2006},
journal={Neuroimage},
volume={30},
number={1},
pages={285--98},
pmid={16257547},
doi={10.1016/j.neuroimage.2005.09.025},
keywords={}
}
@article {sutherland10,
author ={Sutherland, Robert J and Sparks, Fraser T and Lehmann, Hugo},
title = {Hippocampus and retrograde amnesia in the rat model: a modest proposal for the situation of systems consolidation},
year = {2010},
journal={Neuropsychologia},
volume={48},
number={8},
pages={2357--69},
pmid={20430043},
doi={10.1016/j.neuropsychologia.2010.04.015},
keywords={}
}

@article {yassa13,
author ={Yassa, Michael A and Reagh, Zachariah M},
title = {Competitive Trace Theory: A Role for the Hippocampus in Contextual Interference during Retrieval},
year = {2013},
journal={Frontiers In Behavioral Neuroscience},
volume={7},
pages={107},
pmid={23964216},
doi={10.3389/fnbeh.2013.00107},
keywords={competition,episodic memory,interference,multiple trace theory,pattern completion,pattern separation,semantic memory,systems consolidation}
}




@article {guzowski99,
author ={Guzowski, J F and McNaughton, B L and Barnes, C A and Worley, P F},
title = {Environment-specific expression of the immediate-early gene Arc in hippocampal neuronal ensembles},
year = {1999},
journal={Nature Neuroscience},
volume={2},
number={12},
pages={1120--4},
pmid={10570490},
doi={10.1038/16046},
keywords={}
}
@article {ziv13,
author ={Ziv, Yaniv and Burns, Laurie D and Cocker, Eric D and Hamel, Elizabeth O and Ghosh, Kunal K and Kitch, Lacey J and El Gamal, Abbas and Schnitzer, Mark J},
title = {Long-term dynamics of CA1 hippocampal place codes},
year = {2013},
journal={Nature Neuroscience},
volume={16},
number={3},
pages={264--6},
pmid={23396101},
doi={10.1038/nn.3329},
keywords={}
}

@article {wilson93,
author ={Wilson, M A and McNaughton, B L},
title = {Dynamics of the hippocampal ensemble code for space},
year = {1993},
journal={Science (New York, N.Y.)},
volume={261},
number={5124},
pages={1055--8},
pmid={8351520},
keywords={}
}




@article {wood99,
author ={Wood, E R and Dudchenko, P A and Eichenbaum, H},
title = {The global record of memory in hippocampal neuronal activity},
year = {1999},
journal={Nature},
volume={397},
number={6720},
pages={613--6},
pmid={10050854},
doi={10.1038/17605},
keywords={}
}
@article {hampson93,
author ={Hampson, R E and Heyser, C J and Deadwyler, S A},
title = {Hippocampal cell firing correlates of delayed-match-to-sample performance in the rat},
year = {1993},
journal={Behavioral Neuroscience},
volume={107},
number={5},
pages={715--39},
pmid={8280383},
keywords={}
}

@article {young94,
author ={Young, B J and Fox, G D and Eichenbaum, H},
title = {Correlates of hippocampal complex-spike cell activity in rats performing a nonspatial radial maze task},
year = {1994},
journal={The Journal Of Neuroscience : The Official Journal Of The Society For Neuroscience},
volume={14},
number={11 Pt 1},
pages={6553--63},
pmid={7965059},
keywords={}
}




@article {moser08,
author ={Moser, Edvard I and Kropff, Emilio and Moser, May-Britt},
title = {Place cells, grid cells, and the brain's spatial representation system},
year = {2008},
journal={Annual Review Of Neuroscience},
volume={31},
pages={69--89},
pmid={18284371},
doi={10.1146/annurev.neuro.31.061307.090723},
keywords={}
}




@article {burgess02,
author ={Burgess, Neil and Maguire, Eleanor A and O'Keefe, John},
title = {The human hippocampus and spatial and episodic memory},
year = {2002},
journal={Neuron},
volume={35},
number={4},
pages={625--41},
pmid={12194864},
keywords={}
}
@article {moser15,
author ={Moser, May-Britt and Rowland, David C and Moser, Edvard I},
title = {Place cells, grid cells, and memory},
year = {2015},
journal={Cold Spring Harbor Perspectives In Biology},
volume={7},
number={2},
pages={a021808},
pmid={25646382},
doi={10.1101/cshperspect.a021808},
keywords={}
}
@article {solstad08,
author ={Solstad, Trygve and Boccara, Charlotte N and Kropff, Emilio and Moser, May-Britt and Moser, Edvard I},
title = {Representation of geometric borders in the entorhinal cortex},
year = {2008},
journal={Science (New York, N.Y.)},
volume={322},
number={5909},
pages={1865--8},
pmid={19095945},
doi={10.1126/science.1166466},
keywords={}
}
@article {sargolini06,
author ={Sargolini, Francesca and Fyhn, Marianne and Hafting, Torkel and McNaughton, Bruce L and Witter, Menno P and Moser, May-Britt and Moser, Edvard I},
title = {Conjunctive representation of position, direction, and velocity in entorhinal cortex},
year = {2006},
journal={Science (New York, N.Y.)},
volume={312},
number={5774},
pages={758--62},
pmid={16675704},
doi={10.1126/science.1125572},
keywords={}
}


@article {vlcek14,
author ={Vlček, Kamil and Laczó, Jan},
title = {Neural correlates of spatial navigation changes in mild cognitive impairment and Alzheimer's disease},
year = {2014},
journal={Frontiers In Behavioral Neuroscience},
volume={8},
pages={89},
pmid={24672452},
doi={10.3389/fnbeh.2014.00089},
keywords={Alzheimer’s disease,brain changes,mild cognitive impairment,spatial disorientation,spatial navigation}
}

@article {morris06,
author ={Morris, R G M},
title = {Elements of a neurobiological theory of hippocampal function: the role of synaptic plasticity, synaptic tagging and schemas},
year = {2006},
journal={The European Journal Of Neuroscience},
volume={23},
number={11},
pages={2829--46},
pmid={16819972},
doi={10.1111/j.1460-9568.2006.04888.x},
keywords={}
}

@article {hartley07,
author ={Hartley, Tom and Bird, Chris M and Chan, Dennis and Cipolotti, Lisa and Husain, Masud and Vargha-Khadem, Faraneh and Burgess, Neil},
title = {The hippocampus is required for short-term topographical memory in humans},
year = {2007},
journal={Hippocampus},
volume={17},
number={1},
pages={34--48},
pmid={17143905},
doi={10.1002/hipo.20240},
keywords={}
}

@article {o'keefe78,
author ={O'Keefe, J and Conway, D H},
title = {Hippocampal place units in the freely moving rat: why they fire where they fire},
year = {1978},
journal={Experimental Brain Research},
volume={31},
number={4},
pages={573--90},
pmid={658182},
keywords={}
}

@book{eichenbaum93,
  title={Memory, amnesia, and the hippocampal system},
  author={Eichenbaum, Howard},
  year={1993},
  publisher={MIT press}
}

@article {eacott04,
author ={Eacott, Madeline J and Norman, Gillian},
title = {Integrated memory for object, place, and context in rats: a possible model of episodic-like memory?},
year = {2004},
journal={The Journal Of Neuroscience : The Official Journal Of The Society For Neuroscience},
volume={24},
number={8},
pages={1948--53},
pmid={14985436},
doi={10.1523/JNEUROSCI.2975-03.2004},
keywords={}
}
@article {langston10,
author ={Langston, Rosamund F and Wood, Emma R},
title = {Associative recognition and the hippocampus: differential effects of hippocampal lesions on object-place, object-context and object-place-context memory},
year = {2010},
journal={Hippocampus},
volume={20},
number={10},
pages={1139--53},
pmid={19847786},
doi={10.1002/hipo.20714},
keywords={}
}



@article {mcechronO6,
author = {McEchron, Matthew D. and Bouwmeester, Hans and Tseng, Wilbur and Weiss, Craig and Disterhoft, John F.},
title = {Hippocampectomy disrupts auditory trace fear conditioning and contextual fear conditioning in the rat},
journal = {Hippocampus},
volume = {8},
number = {6},
publisher = {John Wiley & Sons, Inc.},
issn = {1098-1063},
url = {http://dx.doi.org/10.1002/(SICI)1098-1063(1998)8:6<638::AID-HIPO6>3.0.CO;2-Q},
doi = {10.1002/(SICI)1098-1063(1998)8:6<638::AID-HIPO6>3.0.CO;2-Q},
pages = {638--646},
keywords = {hippocampus, lesion, temporal, Pavlovian, emotion},
year = {1998},
}


@article {crestani02,
author ={Crestani, F and Keist, R and Fritschy, J-M and Benke, D and Vogt, K and Prut, L and Blüthmann, H and Möhler, H and Rudolph, U},
title = {Trace fear conditioning involves hippocampal alpha5 GABA(A) receptors},
year = {2002},
journal={Proceedings Of The National Academy Of Sciences Of The United States Of America},
volume={99},
number={13},
pages={8980--5},
pmid={12084936},
doi={10.1073/pnas.142288699},
keywords={}
}
@article{best73,
  title={Effects of hippocampal lesions on passive avoidance and taste aversion conditioning},
  author={Best, Phillip J and Orr, James},
  journal={Physiology \& Behavior},
  volume={10},
  number={2},
  pages={193--196},
  year={1973},
  publisher={Elsevier}
}

@article{gallo95,
  title={Dorsal hippocampal lesions impair blocking but not latent inhibition of taste aversion learning in rats.},
  author={Gallo, M and C{\'a}ndido, A},
  journal={Behavioral neuroscience},
  volume={109},
  number={3},
  pages={413},
  year={1995},
  publisher={American Psychological Association}
}

@article {itskov11,
author ={Itskov, Pavel M and Vinnik, Ekaterina and Diamond, Mathew E},
title = {Hippocampal representation of touch-guided behavior in rats: persistent and independent traces of stimulus and reward location},
year = {2011},
journal={Plos One},
volume={6},
number={1},
pages={e16462},
pmid={21305039},
doi={10.1371/journal.pone.0016462},
keywords={}
}

@article {moita03,
author ={Moita, Marta A P and Rosis, Svetlana and Zhou, Yu and LeDoux, Joseph E and Blair, Hugh T},
title = {Hippocampal place cells acquire location-specific responses to the conditioned stimulus during auditory fear conditioning},
year = {2003},
journal={Neuron},
volume={37},
number={3},
pages={485--97},
pmid={12575955},
keywords={}
}

@article {mckenzie13,
author ={McKenzie, Sam and Robinson, Nick T M and Herrera, Lauren and Churchill, Jordana C and Eichenbaum, Howard},
title = {Learning causes reorganization of neuronal firing patterns to represent related experiences within a hippocampal schema},
year = {2013},
journal={The Journal Of Neuroscience : The Official Journal Of The Society For Neuroscience},
volume={33},
number={25},
pages={10243--56},
pmid={23785140},
doi={10.1523/JNEUROSCI.0879-13.2013},
keywords={}
}
@article {hsieh14,
author ={Hsieh, Liang-Tien and Gruber, Matthias J and Jenkins, Lucas J and Ranganath, Charan},
title = {Hippocampal activity patterns carry information about objects in temporal context},
year = {2014},
journal={Neuron},
volume={81},
number={5},
pages={1165--78},
pmid={24607234},
doi={10.1016/j.neuron.2014.01.015},
keywords={}
}
@article {zeithamova12,
author ={Zeithamova, Dagmar and Dominick, April L and Preston, Alison R},
title = {Hippocampal and ventral medial prefrontal activation during retrieval-mediated learning supports novel inference},
year = {2012},
journal={Neuron},
volume={75},
number={1},
pages={168--79},
pmid={22794270},
doi={10.1016/j.neuron.2012.05.010},
keywords={}
}
@article {duff09,
author ={Duff, Melissa C and Hengst, Julie A and Tranel, Daniel and Cohen, Neal J},
title = {Hippocampal amnesia disrupts verbal play and the creative use of language in social interaction},
year = {2009},
journal={Aphasiology},
volume={23},
number={7-8},
pages={926--939},
pmid={20300442},
doi={10.1080/02687030802533748},
keywords={}
}
@article {duff13,
author ={Duff, Melissa C and Kurczek, Jake and Rubin, Rachael and Cohen, Neal J and Tranel, Daniel},
title = {Hippocampal amnesia disrupts creative thinking},
year = {2013},
journal={Hippocampus},
volume={23},
number={12},
pages={1143--9},
pmid={24123555},
doi={10.1002/hipo.22208},
keywords={amnesia,creativity,hippocampus,relational binding,representational flexibility}
}

@article{phillips92,
  title={Differential contribution of amygdala and hippocampus to cued and contextual fear conditioning.},
  author={Phillips, RG and LeDoux, JE},
  journal={Behavioral neuroscience},
  volume={106},
  number={2},
  pages={274},
  year={1992},
  publisher={American Psychological Association}
}
