
@article {chen13,
    author ={Chen, Tsai-Wen and Wardill, Trevor J and Sun, Yi and Pulver, Stefan R and Renninger, Sabine L and Baohan, Amy and Schreiter, Eric R and Kerr, Rex A and Orger, Michael B and Jayaraman, Vivek and Looger, Loren L and Svoboda, Karel and Kim, Douglas S},
    title = {Ultrasensitive fluorescent proteins for imaging neuronal activity},
    year = {2013},
    journal={Nature},
    volume={499},
    number={7458},
    pages={295--300},
    pmid={23868258},
    doi={10.1038/nature12354},
    keywords={}
}

@article {ghosh11,
    author ={Ghosh, Kunal K and Burns, Laurie D and Cocker, Eric D and Nimmerjahn, Axel and Ziv, Yaniv and Gamal, Abbas El and Schnitzer, Mark J},
    title = {Miniaturized integration of a fluorescence microscope},
    year = {2011},
    journal={Nature Methods},
    volume={8},
    number={10},
    pages={871--8},
    pmid={21909102},
    doi={10.1038/nmeth.1694},
    keywords={}
}
@article {chawla05,
    author ={Chawla, M K and Guzowski, J F and Ramirez-Amaya, V and Lipa, P and Hoffman, K L and Marriott, L K and Worley, P F and McNaughton, B L and Barnes, C A},
    title = {Sparse, environmentally selective expression of Arc RNA in the upper blade of the rodent fascia dentata by brief spatial experience},
    year = {2005},
    journal={Hippocampus},
    volume={15},
    number={5},
    pages={579--86},
    pmid={15920719},
    doi={10.1002/hipo.20091},
    keywords={}
}
@article {guzowski99,
    author ={Guzowski, J F and McNaughton, B L and Barnes, C A and Worley, P F},
    title = {Environment-specific expression of the immediate-early gene Arc in hippocampal neuronal ensembles},
    year = {1999},
    journal={Nature Neuroscience},
    volume={2},
    number={12},
    pages={1120--4},
    pmid={10570490},
    doi={10.1038/16046},
    keywords={}
}
@article {galimberti10,
    author ={Galimberti, Ivan and Bednarek, Ewa and Donato, Flavio and Caroni, Pico},
    title = {EphA4 signaling in juveniles establishes topographic specificity of structural plasticity in the hippocampus},
    year = {2010},
    journal={Neuron},
    volume={65},
    number={5},
    pages={627--42},
    pmid={20223199},
    doi={10.1016/j.neuron.2010.02.016},
    keywords={}
}
@article {han07,
    author ={Han, Jin-Hee and Kushner, Steven A and Yiu, Adelaide P and Cole, Christy J and Matynia, Anna and Brown, Robert A and Neve, Rachael L and Guzowski, John F and Silva, Alcino J and Josselyn, Sheena A},
    title = {Neuronal competition and selection during memory formation},
    year = {2007},
    journal={Science (New York, N.Y.)},
    volume={316},
    number={5823},
    pages={457--60},
    pmid={17446403},
    doi={10.1126/science.1139438},
    keywords={}
}
@article {han09,
    author ={Han, Jin-Hee and Kushner, Steven A and Yiu, Adelaide P and Hsiang, Hwa-Lin Liz and Buch, Thorsten and Waisman, Ari and Bontempi, Bruno and Neve, Rachael L and Frankland, Paul W and Josselyn, Sheena A},
    title = {Selective erasure of a fear memory},
    year = {2009},
    journal={Science (New York, N.Y.)},
    volume={323},
    number={5920},
    pages={1492--6},
    pmid={19286560},
    doi={10.1126/science.1164139},
    keywords={}
}
@article {neve05,
    author ={Neve, Rachael L and Neve, Kim A and Nestler, Eric J and Carlezon, William A},
    title = {Use of herpes virus amplicon vectors to study brain disorders},
    year = {2005},
    journal={BioTechniques},
    volume={39},
    number={3},
    pages={381--91},
    pmid={16206910},
    keywords={}
}
@article {redondo10,
    author ={Redondo, Roger L and Okuno, Hiroyuki and Spooner, Patrick A and Frenguelli, Bruno G and Bito, Haruhiko and Morris, Richard G M},
    title = {Synaptic tagging and capture: differential role of distinct calcium/calmodulin kinases in protein synthesis-dependent long-term potentiation},
    year = {2010},
    journal={The Journal of Neuroscience},
    volume={30},
    number={14},
    pages={4981--9},
    pmid={20371818},
    doi={10.1523/JNEUROSCI.3140-09.2010},
    keywords={}
}
@article {redondo11,
    author ={Redondo, Roger L and Morris, Richard G M},
    title = {Making memories last: the synaptic tagging and capture hypothesis},
    year = {2011},
    journal={Nature Reviews. Neuroscience},
    volume={12},
    number={1},
    pages={17--30},
    pmid={21170072},
    doi={10.1038/nrn2963},
    keywords={}
}
@article {frankland04,
    author ={Frankland, Paul W and Josselyn, Sheena A and Anagnostaras, Stephan G and Kogan, Jeffrey H and Takahashi, Eiki and Silva, Alcino J},
    title = {Consolidation of CS and US representations in associative fear conditioning},
    year = {2004},
    journal={Hippocampus},
    volume={14},
    number={5},
    pages={557--69},
    pmid={15301434},
    doi={10.1002/hipo.10208},
    keywords={}
}
@article {silva98,
    author ={Silva, A J and Kogan, J H and Frankland, P W and Kida, S},
    title = {CREB and memory},
    year = {1998},
    journal={Annual Review of Neuroscience},
    volume={21},
    pages={127--48},
    pmid={9530494},
    doi={10.1146/annurev.neuro.21.1.127},
    keywords={}
}
@article {ziv13,
    author ={Ziv, Yaniv and Burns, Laurie D and Cocker, Eric D and Hamel, Elizabeth O and Ghosh, Kunal K and Kitch, Lacey J and El Gamal, Abbas and Schnitzer, Mark J},
    title = {Long-term dynamics of CA1 hippocampal place codes},
    year = {2013},
    journal={Nature Neuroscience},
    volume={16},
    number={3},
    pages={264--6},
    pmid={23396101},
    doi={10.1038/nn.3329},
    keywords={}
}
@article {mukamel09,
    author ={Mukamel, Eran A and Nimmerjahn, Axel and Schnitzer, Mark J},
    title = {Automated analysis of cellular signals from large-scale calcium imaging data},
    year = {2009},
    journal={Neuron},
    volume={63},
    number={6},
    pages={747--60},
    pmid={19778505},
    doi={10.1016/j.neuron.2009.08.009},
    keywords={}
}
@article {cromie13,
    author ={Cromie, Melinda J and Sanchez, Gabriel N and Schnitzer, Mark J and Delp, Scott L},
    title = {Sarcomere lengths in human extensor carpi radialis brevis measured by microendoscopy},
    year = {2013},
    journal={Muscle & Nerve},
    volume={48},
    number={2},
    pages={286--92},
    pmid={23813625},
    doi={10.1002/mus.23760},
    keywords={clinical microendoscopy,dye-free in vivo imaging,human microendoscopy,human wrist biomechanics,in vivo two photon microscopy,multiphoton imaging,multiphoton microendoscopy,muscle architecture,muscle fiber length,sarcomere inhomogeneity,sarcomere length variability,sarcomere operating length,second-harmonic generation microendoscopy,skeletal muscle}
}
@article {barretto12,
    author ={Barretto, Robert P J and Schnitzer, Mark J},
    title = {In vivo optical microendoscopy for imaging cells lying deep within live tissue},
    year = {2012},
    journal={Cold Spring Harbor Protocols},
    volume={2012},
    number={10},
    pages={1029--34},
    pmid={23028071},
    doi={10.1101/pdb.top071464},
    keywords={}
}
@article {lee04,
    author ={Lee, Samuel P and So, Christopher H and Rashid, Asim J and Varghese, George and Cheng, Regina and Lança, A José and O'Dowd, Brian F and George, Susan R},
    title = {Dopamine D1 and D2 receptor Co-activation generates a novel phospholipase C-mediated calcium signal},
    year = {2004},
    journal={The Journal of Biological Chemistry},
    volume={279},
    number={34},
    pages={35671--8},
    pmid={15159403},
    doi={10.1074/jbc.M401923200},
    keywords={}
}

@article {kim12,
    author ={Kim, Jun Ki and Lee, Woei Ming and Kim, Pilhan and Choi, Myunghwan and Jung, Keehoon and Kim, Seonghoon and Yun, Seok Hyun},
    title = {Fabrication and operation of GRIN probes for in vivo fluorescence cellular imaging of internal organs in small animals},
    year = {2012},
    journal={Nature protocols},
    volume={7},
    number={8},
    pages={1456--69},
    pmid={22767088},
    doi={10.1038/nprot.2012.078},
    keywords={}
}