
@article {lutcke13,
author ={LÃ¼tcke, Henry and Margolis, David J and Helmchen, Fritjof},
title = {Steady or changing? Long-term monitoring of neuronal population activity},
year = {2013},
journal={Trends In Neurosciences},
volume={36},
number={7},
pages={375--84},
pmid={23608298},
doi={10.1016/j.tins.2013.03.008},
keywords={}
}
